<?xml version="1.0" encoding="UTF-8"?><collection xmlns="http://www.loc.gov/MARC21/slim"><record><leader>00628nam--2200193-i-4500</leader><controlfield tag="001">000048188</controlfield><controlfield tag="002">20161230</controlfield><controlfield tag="005">20161230201046</controlfield><controlfield tag="008">060222s1000------------r-----000-0-eng-d</controlfield><datafield ind1=" " ind2=" " tag="020"><subfield code="a">4990005510</subfield></datafield><datafield ind1=" " ind2=" " tag="040"><subfield code="a">IFIN-HH</subfield></datafield><datafield ind1=" " ind2=" " tag="080"><subfield code="a">539.12.01(061.3)</subfield></datafield><datafield ind1="1" ind2=" " tag="100"><subfield code="a">Konuma, Michji</subfield></datafield><datafield ind1="1" ind2="0" tag="245"><subfield code="a">Proceedings of the 1985 international symposium on lepton and photon interactions at high energies</subfield><subfield code="b">August 19-24, 1985, kyoto</subfield><subfield code="c">Michji konuma, kasuke takahashi (eds.)</subfield></datafield><datafield ind1=" " ind2=" " tag="260"><subfield code="a">Kyoto</subfield><subfield code="b">Physical Society Of Japan</subfield><subfield code="c">1985</subfield></datafield><datafield ind1=" " ind2=" " tag="300"><subfield code="a">977P</subfield></datafield><datafield ind1="1" ind2=" " tag="700"><subfield code="a">Takahashi, Kasuke</subfield><subfield code="e">Ed</subfield></datafield><datafield ind1=" " ind2=" " tag="852"><subfield code="a">79197</subfield><subfield code="c">539.12</subfield></datafield><datafield ind1=" " ind2=" " tag="CAT"><subfield code="a">Sys</subfield><subfield code="c">20120131</subfield><subfield code="h">130342</subfield></datafield></record></collection>